<record><leader>00000cas a2200000 a 4500</leader><controlfield tag="001">24157795</controlfield><controlfield tag="008">910731d18541855iludn ne      0   a0eng c</controlfield><datafield ind1=" " ind2=" " tag="010"><subfield code="a">sn 91054673 </subfield></datafield><datafield ind1=" " ind2=" " tag="040"><subfield code="a">NVF</subfield><subfield code="b">eng</subfield><subfield code="c">NVF</subfield><subfield code="d">OCL</subfield><subfield code="d">NVF</subfield><subfield code="d">OCLCF</subfield><subfield code="d">DLC</subfield><subfield code="d">OCLCO</subfield></datafield><datafield ind1="1" ind2=" " tag="029"><subfield code="a">AU@</subfield><subfield code="b">000020226040</subfield></datafield><datafield ind1=" " ind2=" " tag="042"><subfield code="a">pcc</subfield></datafield><datafield ind1=" " ind2=" " tag="043"><subfield code="a">n-us-il</subfield></datafield><datafield ind1="0" ind2="4" tag="245"><subfield code="a">The daily constitutionist.</subfield></datafield><datafield ind1="1" ind2="0" tag="246"><subfield code="a">Constitutionist</subfield></datafield><datafield ind1=" " ind2=" " tag="260"><subfield code="a">Jacksonville, Ill. :</subfield><subfield code="b">John M. Taggart,</subfield><subfield code="c">1854-1855.</subfield></datafield><datafield ind1=" " ind2=" " tag="300"><subfield code="a">v.</subfield></datafield><datafield ind1=" " ind2=" " tag="310"><subfield code="a">Daily (except Sunday)</subfield></datafield><datafield ind1="0" ind2=" " tag="362"><subfield code="a">Vol. 1, no. 79 (May 8, 1854)-Feb. 7, 1855.</subfield></datafield><datafield ind1=" " ind2=" " tag="515"><subfield code="a">Continues the numbering of: Jacksonville daily constitutionist.</subfield></datafield><datafield ind1=" " ind2=" " tag="515"><subfield code="a">Issue for v. 1, no. 166 (Aug. 18, 1854) erroneously designated as v. 1, no. 167.</subfield></datafield><datafield ind1=" " ind2=" " tag="515"><subfield code="a">Issue for v. 1, no. 230 (Nov. 1, 1854) erroneously designated as v. 1, no. 2210.</subfield></datafield><datafield ind1=" " ind2=" " tag="580"><subfield code="a">Weekly ed.: Jacksonville constitutionist, &lt;1854&gt;.</subfield></datafield><datafield ind1=" " ind2="0" tag="651"><subfield code="a">Jacksonville (Ill.)</subfield><subfield code="v">Newspapers.</subfield></datafield><datafield ind1=" " ind2="7" tag="651"><subfield code="a">Illinois</subfield><subfield code="z">Jacksonville.</subfield><subfield code="2">fast</subfield><subfield code="0">(OCoLC)fst01214078</subfield></datafield><datafield ind1=" " ind2="7" tag="655"><subfield code="a">Newspapers.</subfield><subfield code="2">fast</subfield><subfield code="0">(OCoLC)fst01423814</subfield></datafield><datafield ind1=" " ind2=" " tag="752"><subfield code="a">United States</subfield><subfield code="b">Illinois</subfield><subfield code="c">Morgan</subfield><subfield code="d">Jacksonville.</subfield></datafield><datafield ind1="1" ind2=" " tag="775"><subfield code="t">Jacksonville constitutionist</subfield><subfield code="w">(DLC)sn 82014978</subfield><subfield code="w">(OCoLC)8807679</subfield></datafield><datafield ind1="0" ind2="0" tag="780"><subfield code="t">Jacksonville daily constitutionist</subfield><subfield code="w">(DLC)sn 91054672</subfield><subfield code="w">(OCoLC)24157747</subfield></datafield></record>